@inproceedings{amin2014foundations,
  title={Foundations of path-dependent types},
  author={Amin, Nada and Rompf, Tiark and Odersky, Martin},
  booktitle={Proceedings of the 2014 ACM International Conference on Object Oriented Programming Systems Languages \& Applications},
  pages={233--249},
  year={2014},
  organization={ACM}
}

@InCollection{Prehofer97,
  key =    {Prehofer},
  author =   {Christian Prehofer},
  title =    {Feature-Oriented Programming: A Fresh Look at Objects},
  booktitle =    {ECOOP '97 --- Object-Oriented Programming 11th
                  European Conference, Jyv\"{a}skyl\"{a}, Finland},
  publisher =  {Springer-Verlag},
  year =   1997
}

@article{Knuth1968,
  author = {Donald Knuth},
  title = {{Semantics of Context-Free Languages}},
  journal = {Mathematical Systems Theory},
  volume = {2},
  pages = {127-145},
  year = {1968}
}

@inproceedings{Tarr99ndegrees,
 author = {Tarr, Peri and Ossher, Harold and Harrison, William and Sutton,Jr., Stanley M.},
 title = {N Degrees of Separation: Multi-dimensional Separation of Concerns},
 booktitle = {Proceedings of the 21st International Conference on Software Engineering},
 series = {ICSE '99},
 year = {1999},
 pages = {107--119}
} 

@inproceedings{Harrison93subject,
 author = {Harrison, William and Ossher, Harold},
 title = {Subject-oriented Programming: A Critique of Pure Objects},
 booktitle = {Proceedings of the Eighth Annual Conference on Object-oriented Programming Systems, Languages, and Applications},
 series = {OOPSLA '93},
 year = {1993},
 pages = {411--428}
} 

@inproceedings{Bracha98making,
 author = {Bracha, Gilad and Odersky, Martin and Stoutamire, David and Wadler, Philip},
 title = {Making the Future Safe for the Past: Adding Genericity to the Java Programming Language},
 booktitle = {Proceedings of the 13th ACM SIGPLAN Conference on Object-oriented Programming, Systems, Languages, and Applications},
 series = {OOPSLA '98},
 year = {1998},
 pages = {183--200}
} 

@inproceedings{Torgersen04wildcards,
 author = {Torgersen, Mads and Hansen, Christian Plesner and Ernst, Erik and von der Ah{\'e}, Peter and Bracha, Gilad and Gafter, Neal},
 title = {Adding Wildcards to the Java Programming Language},
 booktitle = {Proceedings of the 2004 ACM Symposium on Applied Computing},
 series = {SAC '04},
 year = {2004},
 pages = {1289--1296}
} 

@inproceedings{Moors08generics,
 author = {Moors, Adriaan and Piessens, Frank and Odersky, Martin},
 title = {Generics of a Higher Kind},
 booktitle = {Proceedings of the 23rd ACM SIGPLAN Conference on Object-oriented Programming Systems Languages and Applications},
 series = {OOPSLA '08},
 year = {2008}, 
 pages = {423--438}
} 

@book{gamma1994design,
  title={Design patterns: elements of reusable object-oriented software},
  author={Gamma, Erich and Helm, Richard and Johnson, Ralph and Vlissides, John},
  year={1994},
  publisher={Pearson Education}
}

@article{Igarashi06variant,
 author = {Igarashi, Atsushi and Viroli, Mirko},
 title = {Variant Parametric Types: A Flexible Subtyping Scheme for Generics},
 journal = {ACM Trans. Program. Lang. Syst.},
 issue_date = {September 2006},
 volume = {28},
 number = {5},
 month = sep,
 year = {2006},
 pages = {795--847}
} 

@inproceedings{Reynolds74f,
 author = {Reynolds, John C.},
 title = {Towards a Theory of Type Structure},
 booktitle = {Programming Symposium, Proceedings Colloque Sur La Programmation},
 year = {1974},
 isbn = {3-540-06859-7},
 pages = {408--423},
 numpages = {16},
 url = {http://dl.acm.org/citation.cfm?id=647323.721503},
 acmid = {721503},
 publisher = {Springer-Verlag},
 address = {London, UK, UK},
} 



@inproceedings{Canning89f-bounded,
 author = {Canning, Peter and Cook, William and Hill, Walter and Olthoff, Walter and Mitchell, John C.},
 title = {F-bounded Polymorphism for Object-oriented Programming},
 booktitle = {Proceedings of the Fourth International Conference on Functional Programming Languages and Computer Architecture},
 series = {FPCA '89},
 year = {1989},
 isbn = {0-89791-328-0},
 location = {Imperial College, London, United Kingdom},
 pages = {273--280},
 numpages = {8},
 url = {http://doi.acm.org/10.1145/99370.99392},
 doi = {10.1145/99370.99392},
 acmid = {99392},
 publisher = {ACM},
 address = {New York, NY, USA},
} 

@inproceedings{togersen:2004,
  author    = {Mads Torgersen},
  title     = {{The Expression Problem Revisited}},
  booktitle = {Proc. of the 18th European Conference on Object-Oriented Programming},
  year      = {2004},
  pages     = {123--143},
  editor    = {Martin Odersky},
  address   = {Oslo (Norway)},
  month     = {June},
  series    = {Lecture Notes in Computer Science},
  volume    = {3086},
}

@incollection{oliveira2013feature,
  title={Feature-Oriented programming with object algebras},
  author={Oliveira, Bruno C. d. S. and Van Der Storm, Tijs and Loh, Alex and Cook, William R},
  booktitle={ECOOP 2013--Object-Oriented Programming},
  pages={27--51},
  year={2013},
  publisher={Springer}
}

@inproceedings{rendel14attributes,
 author = {Rendel, Tillmann and Brachth\"{a}user, Jonathan Immanuel and Ostermann, Klaus},
 title = {From Object Algebras to Attribute Grammars},
 booktitle = {Proceedings of the 2014 ACM International Conference on Object Oriented Programming Systems Languages \&\#38; Applications},
 series = {OOPSLA '14},
 year = {2014},
 isbn = {978-1-4503-2585-1},
 location = {Portland, Oregon, USA},
 pages = {377--395},
 numpages = {19},
 url = {http://doi.acm.org/10.1145/2660193.2660237},
 doi = {10.1145/2660193.2660237},
 acmid = {2660237},
 publisher = {ACM},
 address = {New York, NY, USA},
 keywords = {attribute grammars, church-encoding, embedded domain-specific languages, modularity, object algebras, one-pass compilers, scala, visitor pattern},
} 

@incollection{oliveira2012extensibility,
  title={Extensibility for the Masses},
  author={Oliveira, Bruno C. d. S. and Cook, William R},
  booktitle={ECOOP 2012--Object-Oriented Programming},
  pages={2--27},
  year={2012},
  publisher={Springer}
}

@inproceedings{amin2012dependent,
  title={Dependent object types},
  author={Amin, Nada and Moors, Adriaan and Odersky, Martin},
  booktitle={19th International Workshop on Foundations of Object-Oriented Languages},
  number={EPFL-CONF-183030},
  year={2012}
}

@incollection{malayeri2008integrating,
  title={Integrating nominal and structural subtyping},
  author={Malayeri, Donna and Aldrich, Jonathan},
  booktitle={ECOOP 2008--Object-Oriented Programming},
  pages={260--284},
  year={2008},
  publisher={Springer}
}

@inproceedings{oliveira09modular,
  title = "Modular Visitor Components: A Practical Solution to the Expression Families Problem",
  author = "Bruno C. d. S. Oliveira",
  year = "2009",
  booktitle = "23rd European Conference on Object Oriented Programming (ECOOP)",
  editor = "Sophia Drossopoulou",
  journal = "23rd European Conference on Object Oriented Programming (ECOOP)",
  location = "Genova, Italy",
  month = "July",
}

@article{ostermann2008nominal,
  title={Nominal and Structural Subtyping in Component-Based Programming.},
  author={Ostermann, Klaus},
  journal={Journal of Object Technology},
  volume={7},
  number={1},
  pages={121--145},
  year={2008},
  publisher={Citeseer}
}

@inproceedings{Ernst01family,
 author = {Ernst, Erik},
 title = {Family Polymorphism},
 booktitle = {Proceedings of the 15th European Conference on Object-Oriented Programming},
 series = {ECOOP '01},
 year = {2001}
} 

@inproceedings{Ostermann02dynamically,
 author = {Ostermann, Klaus},
 title = {Dynamically Composable Collaborations with Delegation Layers},
 booktitle = {Proceedings of the 16th European Conference on Object-Oriented Programming},
 series = {ECOOP '02},
 year = {2002}
} 

@inproceedings{Smaragdakis98mixin,
 author = {Smaragdakis, Yannis and Batory, Don S.},
 title = {Implementing Layered Designs with Mixin Layers},
 booktitle = {Proceedings of the 12th European Conference on Object-Oriented Programming},
 series = {ECCOP '98},
 year = {1998}
} 

@inproceedings{McDirmid01Jiazzi,
 author = {McDirmid, Sean and Flatt, Matthew and Hsieh, Wilson C.},
 title = {Jiazzi: New-age Components for Old-fasioned Java},
 booktitle = {Proceedings of the 16th ACM SIGPLAN Conference on Object-oriented Programming, Systems, Languages, and Applications},
 series = {OOPSLA '01},
 year = {2001}
} 


@incollection{Aracic06CaesarJ,
 author = {Aracic, Ivica and Gasiunas, Vaidas and Mezini, Mira and Ostermann, Klaus},
 chapter = {An Overview of Caesarj},
 title = {Transactions on Aspect-Oriented Software Development I},
 editor = {Rashid, Awais and Aksit, Mehmet},
 year = {2006}
} 


@article{ernst2006virtual,
  title={A Virtual Class Calculus},
  author={Ernst, Erik and Ostermann, Klaus and Cook, William Randall},
  journal={POPL 2006},
  pages={270--282}
}

@inproceedings{nystrom2006j,
  title={J\&: nested intersection for scalable software composition},
  author={Nystrom, Nathaniel and Qi, Xin and Myers, Andrew C},
  booktitle={ACM SIGPLAN Notices},
  volume={41},
  number={10},
  pages={21--36},
  year={2006},
  organization={ACM}
}

@book{pierce2002types,
  title={Types and programming languages},
  author={Pierce, Benjamin C},
  year={2002},
  publisher={MIT press}
}

@inproceedings{garrigue1998programming,
  title={Programming with polymorphic variants},
  author={Garrigue, Jacques},
  booktitle={ML Workshop},
  volume={13},
  year={1998},
  organization={Baltimore}
}

@article{wadler1998expression,
  title={The expression problem},
  author={Wadler, Philip},
  journal={Java-genericity mailing list},
  year={1998}
}

@inproceedings{plotkin1994subtyping,
  title={Subtyping and parametricity},
  author={Plotkin, Gordon and Abadi, Mart{\'\i}n and Cardelli, Luca},
  booktitle={Logic in Computer Science, 1994. LICS'94. Proceedings., Symposium on},
  pages={310--319},
  year={1994},
  organization={IEEE}
}

@article(CMMS,  author="Cardelli, L. and  Martini, S. and Mitchell, J. 
  and Scedrov, A.", 
        Title="An extension of {System F} with subtyping",
        journal="Information and Computation",
        Volume="109",Year="1994", pages="4--56",
  Note="Preliminary version appeared {\it Proc. Theor. Aspects of Computer Software,}
        Springer LNCS 526, September 1991, pages 750--770.")

@inproceedings{cook1989inheritance,
  title={Inheritance is not subtyping},
  author={Cook, William R and Hill, Walter and Canning, Peter S},
  booktitle={Proceedings of the 17th ACM SIGPLAN-SIGACT symposium on Principles of programming languages},
  pages={125--135},
  year={1989},
  organization={ACM}
}

@inproceedings{wand1987complete,
  title={Complete type inference for simple objects},
  author={Wand, Mitchell},
  booktitle={LICS},
  volume={87},
  pages={37--44},
  year={1987}
}

@article{cardelli1985understanding,
  title={On understanding types, data abstraction, and polymorphism},
  author={Cardelli, Luca and Wegner, Peter},
  journal={ACM Computing Surveys (CSUR)},
  volume={17},
  number={4},
  pages={471--523},
  year={1985},
  publisher={ACM}
}

@InProceedings{Zenger-Odersky2005 ,
  author =   {Zenger, Mathhias and Odersky, Martin},
  title =        {Independently Extensible Solutions to the Expression Problem},
  booktitle =    {FOOL},
  year =         2005,
  month =        jan,
}
@article{dunfield2014elaborating,
  title={Elaborating intersection and union types},
  author={Dunfield, Joshua},
  journal={Journal of Functional Programming},
  volume={24},
  number={2-3},
  pages={133--165},
  year={2014},
  publisher={Cambridge University Press}
}

@article{frisch2008semantic,
  title={Semantic subtyping: Dealing set-theoretically with function, union, intersection, and negation types},
  author={Frisch, Alain and Castagna, Giuseppe and Benzaken, V{\'e}ronique},
  journal={Journal of the ACM (JACM)},
  volume={55},
  number={4},
  pages={19},
  year={2008},
  publisher={ACM}
}

@inproceedings{dunfield2007refined,
  title={Refined typechecking with Stardust},
  author={Dunfield, Joshua},
  booktitle={Proceedings of the 2007 workshop on Programming languages meets program verification},
  pages={21--32},
  year={2007},
  organization={ACM}
}

@phdthesis{davies2005practical,
  title={Practical refinement-type checking},
  author={Davies, Rowan},
  year={2005},
  school={University of Western Australia}
}

@inproceedings{davies2000intersection,
  title={Intersection types and computational effects},
  author={Davies, Rowan and Pfenning, Frank},
  booktitle={ACM Sigplan Notices},
  volume={35},
  number={9},
  pages={198--208},
  year={2000},
  organization={ACM}
}

@techreport{crary1998simple,
  title={Simple, efficient object encoding using intersection types},
  author={Crary, Karl},
  year={1998},
  institution={Cornell University}
}

@book{reynolds1997design,
  title={Design of the programming language Forsythe},
  author={Reynolds, John C},
  year={1997},
  publisher={Springer}
}

@article{pierce1997intersection,
  title={Intersection types and bounded polymorphism},
  author={Pierce, Benjamin C},
  journal={Mathematical Structures in Computer Science},
  volume={7},
  number={02},
  pages={129--193},
  year={1997},
  publisher={Cambridge Univ Press}
}

@article{compagnoni1996higher,
  title={Higher-order intersection types and multiple inheritance},
  author={Compagnoni, Adriana B and Pierce, Benjamin C},
  journal={Mathematical Structures in Computer Science},
  volume={6},
  number={5},
  pages={469--501},
  year={1996},
  publisher={Citeseer}
}

@article{castagna1995calculus,
  title={A calculus for overloaded functions with subtyping},
  author={Castagna, Giuseppe and Ghelli, Giorgio and Longo, Giuseppe},
  journal={Information and Computation},
  volume={117},
  number={1},
  pages={115--135},
  year={1995},
  publisher={Elsevier}
}

@article{barbanera1995intersection,
  title={Intersection and union types: syntax and semantics},
  author={Barbanera, Franco and Dezaniciancaglini, Mariangiola and Deliguoro, Ugo},
  journal={Information and Computation},
  volume={119},
  number={2},
  pages={202--230},
  year={1995},
  publisher={Elsevier}
}

@article{pierce1991programming1,
  title={Programming with intersection types, union types, and polymorphism},
  author={Pierce, Benjamin C},
  year={1991}
}

@phdthesis{pierce1991programming2,
  title={Programming with intersection types and bounded polymorphism},
  author={Pierce, Benjamin C},
  year={1991},
  school={Carnegie Mellon University Pittsburgh, PA}
}

@book{freeman1991refinement,
  title={Refinement types for ML},
  author={Freeman, Tim and Pfenning, Frank},
  volume={26},
  number={6},
  year={1991},
  publisher={ACM}
}

@article{coppo1981functional,
  title={Functional characters of solvable terms},
  author={Coppo, Mario and Dezani-Ciancaglini, Mariangiola and Venneri, Betti},
  journal={Mathematical Logic Quarterly},
  volume={27},
  number={2-6},
  pages={45--58},
  year={1981},
  publisher={Wiley Online Library}
}

@article{coppo1978new,
  title={A new type assignment for $\lambda$-terms},
  author={Coppo, Mario and Dezani-Ciancaglini, Mariangiola},
  journal={Archiv f{\"u}r mathematische Logik und Grundlagenforschung},
  volume={19},
  number={1},
  pages={139--156},
  year={1978},
  publisher={Springer}
}
@inproceedings{chlipala2010ur,
  title={Ur: statically-typed metaprogramming with type-level record computation},
  author={Chlipala, Adam},
  booktitle={ACM Sigplan Notices},
  volume={45},
  number={6},
  pages={122--133},
  year={2010},
  organization={ACM}
}

@article{leijen2005extensible,
  title={Extensible records with scoped labels.},
  author={Leijen, Daan},
  journal={Trends in Functional Programming},
  volume={5},
  pages={297--312},
  year={2005}
}

@article{leijen2004first,
  title={First-class labels for extensible rows},
  author={Leijen, Daan},
  journal={UU-CS},
  number={2004-051},
  year={2004},
  publisher={Utrecht University: Information and Computing Sciences}
}

@book{remy1993type,
  title={Type inference for records in a natural extension of ML},
  author={R{\'e}my, Didier},
  year={1993},
  publisher={Theoretical Aspects Of Object-Oriented Programming. Types, Semantics and Language Design. MIT Press}
}

@book{cardelli1992extensible,
  title={Extensible records in a pure calculus of subtyping},
  author={Cardelli, Luca},
  year={1992},
  publisher={Digital. Systems Research Center}
}

@inproceedings{harper1991record,
  title={A record calculus based on symmetric concatenation},
  author={Harper, Robert and Pierce, Benjamin},
  booktitle={Proceedings of the 18th ACM SIGPLAN-SIGACT symposium on Principles of programming languages},
  pages={131--142},
  year={1991},
  organization={ACM}
}

@inproceedings{cardelli1990operations,
  title={Operations on records},
  author={Cardelli, Luca and Mitchell, John C},
  booktitle={Mathematical foundations of programming semantics},
  pages={22--52},
  year={1990},
  organization={Springer}
}

@article{harper1990extensible,
  title={Extensible records without subsumption},
  author={Harper, Robert William and Pierce, Benjamin C},
  year={1990}
}

@inproceedings{remy1989type,
  title={Type checking records and variants in a natural extension of ML},
  author={R{\'e}my, Didier},
  booktitle={Proceedings of the 16th ACM SIGPLAN-SIGACT symposium on Principles of programming languages},
  pages={77--88},
  year={1989},
  organization={ACM}
}

@inproceedings{wand1989type,
  title={Type inference for record concatenation and multiple inheritance},
  author={Wand, Mitchell},
  booktitle={Logic in Computer Science, 1989. LICS'89, Proceedings., Fourth Annual Symposium on},
  pages={92--97},
  year={1989},
  organization={IEEE}
}
